<record><leader>00000cas a22000007a 4500</leader><controlfield tag="001">18067079</controlfield><controlfield tag="008">880610u1899uuuunyuwr ne      0    0eng d</controlfield><datafield ind1=" " ind2=" " tag="010"><subfield code="a">sn 88074436 </subfield></datafield><datafield ind1=" " ind2=" " tag="040"><subfield code="a">NYS</subfield><subfield code="b">eng</subfield><subfield code="c">NYS</subfield><subfield code="d">OCLCQ</subfield></datafield><datafield ind1=" " ind2=" " tag="042"><subfield code="a">msc</subfield></datafield><datafield ind1="0" ind2="0" tag="245"><subfield code="a">Grand Gorge gazette.</subfield></datafield><datafield ind1=" " ind2=" " tag="260"><subfield code="a">Grand Gorge, N.Y. :</subfield><subfield code="b">F.L. Rose</subfield></datafield><datafield ind1=" " ind2=" " tag="300"><subfield code="a">v.</subfield></datafield><datafield ind1=" " ind2=" " tag="310"><subfield code="a">Weekly</subfield></datafield><datafield ind1="1" ind2=" " tag="362"><subfield code="a">Began in 1899?</subfield></datafield><datafield ind1=" " ind2=" " tag="500"><subfield code="a">Publishers: F.L. Rose, 1899-&lt;1900&gt;; A.S. Barker, &lt;1902&gt;.</subfield></datafield><datafield ind1=" " ind2=" " tag="588"><subfield code="a">Description based on: Vol. 1, no. 3 (Sept. 16, 1899).</subfield></datafield><datafield ind1=" " ind2="4" tag="651"><subfield code="a">Grand Gorge (N.Y.)</subfield><subfield code="v">Newspapers.</subfield></datafield><datafield ind1=" " ind2=" " tag="752"><subfield code="a">United States</subfield><subfield code="b">New York</subfield><subfield code="c">Delaware</subfield><subfield code="d">Grand Gorge.</subfield></datafield></record>